%YAML 1.1
%TAG !u! tag:unity3d.com,2011:
--- !u!1001 &100100000
Prefab:
  m_ObjectHideFlags: 1
  serializedVersion: 2
  m_Modification:
    m_TransformParent: {fileID: 0}
    m_Modifications: []
    m_RemovedComponents: []
  m_ParentPrefab: {fileID: 0}
  m_RootGameObject: {fileID: 1696793809734346}
  m_IsPrefabParent: 1
--- !u!1 &1696793809734346
GameObject:
  m_ObjectHideFlags: 0
  m_PrefabParentObject: {fileID: 0}
  m_PrefabInternal: {fileID: 100100000}
  serializedVersion: 5
  m_Component:
  - component: {fileID: 4162327753956972}
  - component: {fileID: 65768795288642222}
  - component: {fileID: 114312509696894626}
  - component: {fileID: 54108523515184974}
  - component: {fileID: 114184206217693448}
  m_Layer: 2
  m_Name: Barracks
  m_TagString: Untagged
  m_Icon: {fileID: 0}
  m_NavMeshLayer: 0
  m_StaticEditorFlags: 0
  m_IsActive: 1
--- !u!1 &1783874359358616
GameObject:
  m_ObjectHideFlags: 0
  m_PrefabParentObject: {fileID: 0}
  m_PrefabInternal: {fileID: 100100000}
  serializedVersion: 5
  m_Component:
  - component: {fileID: 4386756605394776}
  - component: {fileID: 33245665100438728}
  - component: {fileID: 23288686112928732}
  m_Layer: 2
  m_Name: Cube
  m_TagString: Untagged
  m_Icon: {fileID: 0}
  m_NavMeshLayer: 0
  m_StaticEditorFlags: 0
  m_IsActive: 1
--- !u!1 &1964934066944568
GameObject:
  m_ObjectHideFlags: 0
  m_PrefabParentObject: {fileID: 0}
  m_PrefabInternal: {fileID: 100100000}
  serializedVersion: 5
  m_Component:
  - component: {fileID: 4652727480144834}
  - component: {fileID: 33153439064602448}
  - component: {fileID: 23575247806367414}
  m_Layer: 2
  m_Name: Text
  m_TagString: Untagged
  m_Icon: {fileID: 0}
  m_NavMeshLayer: 0
  m_StaticEditorFlags: 0
  m_IsActive: 1
--- !u!4 &4162327753956972
Transform:
  m_ObjectHideFlags: 1
  m_PrefabParentObject: {fileID: 0}
  m_PrefabInternal: {fileID: 100100000}
  m_GameObject: {fileID: 1696793809734346}
  m_LocalRotation: {x: 0, y: 0, z: 0, w: 1}
  m_LocalPosition: {x: 31.984177, y: 0, z: 68.06342}
  m_LocalScale: {x: 3.2116776, y: 3.2116745, z: 3.2116745}
  m_Children:
  - {fileID: 4386756605394776}
  - {fileID: 4652727480144834}
  m_Father: {fileID: 0}
  m_RootOrder: 0
  m_LocalEulerAnglesHint: {x: 0, y: 0, z: 0}
--- !u!4 &4386756605394776
Transform:
  m_ObjectHideFlags: 1
  m_PrefabParentObject: {fileID: 0}
  m_PrefabInternal: {fileID: 100100000}
  m_GameObject: {fileID: 1783874359358616}
  m_LocalRotation: {x: -0.00000019861236, y: -0.7071068, z: -0.7071068, w: 0.00000019861236}
  m_LocalPosition: {x: 0, y: 1, z: 0}
  m_LocalScale: {x: 220, y: 100, z: 100}
  m_Children: []
  m_Father: {fileID: 4162327753956972}
  m_RootOrder: 0
  m_LocalEulerAnglesHint: {x: -90, y: 0, z: -179.99998}
--- !u!4 &4652727480144834
Transform:
  m_ObjectHideFlags: 1
  m_PrefabParentObject: {fileID: 0}
  m_PrefabInternal: {fileID: 100100000}
  m_GameObject: {fileID: 1964934066944568}
  m_LocalRotation: {x: -0.00000019861236, y: -0.7071068, z: -0.7071068, w: 0.00000019861236}
  m_LocalPosition: {x: 0, y: 2.2, z: 0}
  m_LocalScale: {x: 100, y: 100, z: 100}
  m_Children: []
  m_Father: {fileID: 4162327753956972}
  m_RootOrder: 1
  m_LocalEulerAnglesHint: {x: -90, y: 0, z: -179.99998}
--- !u!23 &23288686112928732
MeshRenderer:
  m_ObjectHideFlags: 1
  m_PrefabParentObject: {fileID: 0}
  m_PrefabInternal: {fileID: 100100000}
  m_GameObject: {fileID: 1783874359358616}
  m_Enabled: 1
  m_CastShadows: 1
  m_ReceiveShadows: 1
  m_MotionVectors: 1
  m_LightProbeUsage: 1
  m_ReflectionProbeUsage: 1
  m_Materials:
  - {fileID: 2100000, guid: e50bf7c0bf097cc4e9ddd891c8ac5369, type: 2}
  m_StaticBatchInfo:
    firstSubMesh: 0
    subMeshCount: 0
  m_StaticBatchRoot: {fileID: 0}
  m_ProbeAnchor: {fileID: 0}
  m_LightProbeVolumeOverride: {fileID: 0}
  m_ScaleInLightmap: 1
  m_PreserveUVs: 0
  m_IgnoreNormalsForChartDetection: 0
  m_ImportantGI: 0
  m_SelectedEditorRenderState: 3
  m_MinimumChartSize: 4
  m_AutoUVMaxDistance: 0.5
  m_AutoUVMaxAngle: 89
  m_LightmapParameters: {fileID: 0}
  m_SortingLayerID: 0
  m_SortingLayer: 0
  m_SortingOrder: 0
--- !u!23 &23575247806367414
MeshRenderer:
  m_ObjectHideFlags: 1
  m_PrefabParentObject: {fileID: 0}
  m_PrefabInternal: {fileID: 100100000}
  m_GameObject: {fileID: 1964934066944568}
  m_Enabled: 1
  m_CastShadows: 0
  m_ReceiveShadows: 1
  m_MotionVectors: 1
  m_LightProbeUsage: 1
  m_ReflectionProbeUsage: 1
  m_Materials:
  - {fileID: 2100000, guid: e8a0ef897585b7e4b8d2aa43bcd7b539, type: 2}
  m_StaticBatchInfo:
    firstSubMesh: 0
    subMeshCount: 0
  m_StaticBatchRoot: {fileID: 0}
  m_ProbeAnchor: {fileID: 0}
  m_LightProbeVolumeOverride: {fileID: 0}
  m_ScaleInLightmap: 1
  m_PreserveUVs: 0
  m_IgnoreNormalsForChartDetection: 0
  m_ImportantGI: 0
  m_SelectedEditorRenderState: 3
  m_MinimumChartSize: 4
  m_AutoUVMaxDistance: 0.5
  m_AutoUVMaxAngle: 89
  m_LightmapParameters: {fileID: 0}
  m_SortingLayerID: 0
  m_SortingLayer: 0
  m_SortingOrder: 0
--- !u!33 &33153439064602448
MeshFilter:
  m_ObjectHideFlags: 1
  m_PrefabParentObject: {fileID: 0}
  m_PrefabInternal: {fileID: 100100000}
  m_GameObject: {fileID: 1964934066944568}
  m_Mesh: {fileID: 4300000, guid: da75222f38151a74b8d6c0c3cd93727a, type: 3}
--- !u!33 &33245665100438728
MeshFilter:
  m_ObjectHideFlags: 1
  m_PrefabParentObject: {fileID: 0}
  m_PrefabInternal: {fileID: 100100000}
  m_GameObject: {fileID: 1783874359358616}
  m_Mesh: {fileID: 4300002, guid: da75222f38151a74b8d6c0c3cd93727a, type: 3}
--- !u!54 &54108523515184974
Rigidbody:
  m_ObjectHideFlags: 1
  m_PrefabParentObject: {fileID: 0}
  m_PrefabInternal: {fileID: 100100000}
  m_GameObject: {fileID: 1696793809734346}
  serializedVersion: 2
  m_Mass: 1
  m_Drag: 0
  m_AngularDrag: 0.05
  m_UseGravity: 0
  m_IsKinematic: 1
  m_Interpolate: 0
  m_Constraints: 0
  m_CollisionDetection: 0
--- !u!65 &65768795288642222
BoxCollider:
  m_ObjectHideFlags: 1
  m_PrefabParentObject: {fileID: 0}
  m_PrefabInternal: {fileID: 100100000}
  m_GameObject: {fileID: 1696793809734346}
  m_Material: {fileID: 0}
  m_IsTrigger: 1
  m_Enabled: 1
  serializedVersion: 2
  m_Size: {x: 2.3091023, y: 2.034741, z: 2.1220846}
  m_Center: {x: 0.062338315, y: 0.9455392, z: 0.031166812}
--- !u!114 &114184206217693448
MonoBehaviour:
  m_ObjectHideFlags: 1
  m_PrefabParentObject: {fileID: 0}
  m_PrefabInternal: {fileID: 100100000}
  m_GameObject: {fileID: 1696793809734346}
  m_Enabled: 1
  m_EditorHideFlags: 0
  m_Script: {fileID: 11500000, guid: 2c9ae2e165598664ba491800d9b9ab5a, type: 3}
  m_Name: 
  m_EditorClassIdentifier: 
  unitName: Barracks
  unitImage: {fileID: 2800000, guid: 21d5cd8122970ec4bb4aa03ee77f2803, type: 3}
  unitImageRO: {fileID: 2800000, guid: 21d5cd8122970ec4bb4aa03ee77f2803, type: 3}
  unitType: 3
--- !u!114 &114312509696894626
MonoBehaviour:
  m_ObjectHideFlags: 1
  m_PrefabParentObject: {fileID: 0}
  m_PrefabInternal: {fileID: 100100000}
  m_GameObject: {fileID: 1696793809734346}
  m_Enabled: 1
  m_EditorHideFlags: 0
  m_Script: {fileID: 11500000, guid: 2257c3811616c6644b73d883022d0bbb, type: 3}
  m_Name: 
  m_EditorClassIdentifier: 
  ghostingObject: {fileID: 1783874359358616}
  green: {fileID: 2100000, guid: e50bf7c0bf097cc4e9ddd891c8ac5369, type: 2}
  Red: {fileID: 2100000, guid: d1ed23af8a9eba04dbd5e448b94a1899, type: 2}
